@misc{green2020complete,
	title={Complete parameter inference for GW150914 using deep learning}, 
	author={Stephen R. Green and Jonathan Gair},
	year={2020},
	eprint={2008.03312},
	archivePrefix={arXiv},
	primaryClass={astro-ph.IM}
}

@misc{simonyan2015deep,
	title={Very Deep Convolutional Networks for Large-Scale Image Recognition}, 
	author={Karen Simonyan and Andrew Zisserman},
	year={2015},
	eprint={1409.1556},
	archivePrefix={arXiv},
	primaryClass={cs.CV}
}

@misc{battaglia2018relational,
	title={Relational inductive biases, deep learning, and graph networks}, 
	author={Peter W. Battaglia and Jessica B. Hamrick and Victor Bapst and Alvaro Sanchez-Gonzalez and Vinicius Zambaldi and Mateusz Malinowski and Andrea Tacchetti and David Raposo and Adam Santoro and Ryan Faulkner and Caglar Gulcehre and Francis Song and Andrew Ballard and Justin Gilmer and George Dahl and Ashish Vaswani and Kelsey Allen and Charles Nash and Victoria Langston and Chris Dyer and Nicolas Heess and Daan Wierstra and Pushmeet Kohli and Matt Botvinick and Oriol Vinyals and Yujia Li and Razvan Pascanu},
	year={2018},
	eprint={1806.01261},
	archivePrefix={arXiv},
	primaryClass={cs.LG}
}

@article{trg2018,
	title={Fast inference of deep neural networks in FPGAs for particle physics},
	volume={13},
	ISSN={1748-0221},
	url={http://dx.doi.org/10.1088/1748-0221/13/07/P07027},
	DOI={10.1088/1748-0221/13/07/p07027},
	number={07},
	journal={Journal of Instrumentation},
	publisher={IOP Publishing},
	author={Duarte, J. and Han, S. and Harris, P. and Jindariani, S. and Kreinar, E. and Kreis, B. and Ngadiuba, J. and Pierini, M. and Rivera, R. and Tran, N. and Wu, Z.},
	year={2018},
	month={Jul},
	pages={P07027–P07027} }

@misc{chan2021quantum,
	title={Quantum Generative Adversarial Networks in a Continuous-Variable Architecture to Simulate High Energy Physics Detectors}, 
	author={Su Yeon Chang and Sofia Vallecorsa and Elías F. Combarro and Federico Carminati},
	year={2021},
	eprint={2101.11132},
	archivePrefix={arXiv},
	primaryClass={quant-ph}
}


@INPROCEEDINGS{2019EPJWC.21406021R,
	author = {{Rizzi}, Andrea and {Petrucciani}, Giovanni and {Peruzzi}, Marco},
	title = "{A further reduction in CMS event data for analysis: the NANOAOD format}",
	booktitle = {European Physical Journal Web of Conferences},
	year = 2019,
	series = {European Physical Journal Web of Conferences},
	volume = {214},
	month = jul,
	eid = {06021},
	pages = {06021},
	doi = {10.1051/epjconf/201921406021},
	adsurl = {https://ui.adsabs.harvard.edu/abs/2019EPJWC.21406021R},
	adsnote = {Provided by the SAO/NASA Astrophysics Data System}
}

@article{Rosenblatt1958ThePA,
	title={The perceptron: a probabilistic model for information storage and organization in the brain.},
	author={Frank Rosenblatt},
	journal={Psychological review},
	year={1958},
	volume={65 6},
	pages={
	386-408
	}
}

@misc{goodfellow2014generative,
	title={Generative Adversarial Networks}, 
	author={Ian J. Goodfellow and Jean Pouget-Abadie and Mehdi Mirza and Bing Xu and David Warde-Farley and Sherjil Ozair and Aaron Courville and Yoshua Bengio},
	year={2014},
	eprint={1406.2661},
	archivePrefix={arXiv},
	primaryClass={stat.ML}
}

@misc{kingma2014autoencoding,
	title={Auto-Encoding Variational Bayes}, 
	author={Diederik P Kingma and Max Welling},
	year={2014},
	eprint={1312.6114},
	archivePrefix={arXiv},
	primaryClass={stat.ML}
}

@misc{otten2021event,
	title={Event Generation and Statistical Sampling for Physics with Deep Generative Models and a Density Information Buffer}, 
	author={Sydney Otten and Sascha Caron and Wieske de Swart and Melissa van Beekveld and Luc Hendriks and Caspar van Leeuwen and Damian Podareanu and Roberto Ruiz de Austri and Rob Verheyen},
	year={2021},
	eprint={1901.00875},
	archivePrefix={arXiv},
	primaryClass={hep-ph}
}

@article{2019glhc,
	title={How to GAN LHC events},
	volume={7},
	ISSN={2542-4653},
	url={http://dx.doi.org/10.21468/SciPostPhys.7.6.075},
	DOI={10.21468/scipostphys.7.6.075},
	number={6},
	journal={SciPost Physics},
	publisher={Stichting SciPost},
	author={Butter, Anja and Plehn, Tilman and Winterhalder, Ramon},
	year={2019},
	month={Dec} }

@misc{523096,
	author = {Felix Jimenez and Amanda Koepke and Mary Gregg and Michael Frey},
	title = {Generative Adversarial Network Performance in Low-Dimensional Settings},
	year = {2021},
	number = {126},
	month = {2021-04-20 04:04:00},
	publisher = {Journal of Research (NIST JRES), National Institute of Standards and Technology, Gaithersburg, MD},
	url = {https://tsapps.nist.gov/publication/get_pdf.cfm?pub_id=930944},
	doi = {https://dx.doi.org/10.6028/jres.126.008},
	language = {en},
}


@misc{rezende2016variational,
	title={Variational Inference with Normalizing Flows}, 
	author={Danilo Jimenez Rezende and Shakir Mohamed},
	year={2016},
	eprint={1505.05770},
	archivePrefix={arXiv},
	primaryClass={stat.ML}
}

@misc{durkan,
	title={Neural Spline Flows}, 
	author={Conor Durkan and Artur Bekasov and Iain Murray and George Papamakarios},
	year={2019},
	eprint={1906.04032},
	archivePrefix={arXiv},
	primaryClass={stat.ML}
}
